<?xml version="1.0" encoding="UTF-8"?><collection xmlns="http://www.loc.gov/MARC21/slim"><record><leader>00327nam--2200121-i-4500</leader><controlfield tag="001">000026896</controlfield><controlfield tag="002">20161230</controlfield><controlfield tag="005">20161230201036</controlfield><controlfield tag="008">060222s1000------------r-----000-0-eng-d</controlfield><datafield ind1=" " ind2=" " tag="100"><subfield code="a">Knoth, Walter H.And Muetterties, Earl L</subfield></datafield><datafield ind1=" " ind2=" " tag="245"><subfield code="a">Polyhedral boranes</subfield></datafield><datafield ind1=" " ind2=" " tag="260"><subfield code="a">New York, Marcel Dekker, Inc., 1968, Viii + 197p</subfield></datafield><datafield ind1=" " ind2=" " tag="852"><subfield code="a">36628</subfield></datafield></record></collection>